<record><leader>00000cas a22000007a 4500</leader><controlfield tag="001">12094377</controlfield><controlfield tag="008">850530d19131950wiuwr ne      0    0eng d</controlfield><datafield ind1=" " ind2=" " tag="010"><subfield code="a">sn 85040652 </subfield></datafield><datafield ind1=" " ind2=" " tag="040"><subfield code="a">NPV</subfield><subfield code="b">eng</subfield><subfield code="c">NPV</subfield><subfield code="d">OCLCQ</subfield></datafield><datafield ind1=" " ind2=" " tag="042"><subfield code="a">msc</subfield></datafield><datafield ind1=" " ind2=" " tag="045"><subfield code="a">x1x5</subfield></datafield><datafield ind1=" " ind2=" " tag="052"><subfield code="a">4123</subfield><subfield code="b">I6</subfield></datafield><datafield ind1="0" ind2="0" tag="245"><subfield code="a">Iron County news.</subfield></datafield><datafield ind1=" " ind2=" " tag="260"><subfield code="a">Hurley, Wis. :</subfield><subfield code="b">F.A. Emunson,</subfield><subfield code="c">1913-1950.</subfield></datafield><datafield ind1=" " ind2=" " tag="300"><subfield code="a">38 v. :</subfield><subfield code="b">ill.</subfield></datafield><datafield ind1=" " ind2=" " tag="310"><subfield code="a">Weekly</subfield></datafield><datafield ind1="0" ind2=" " tag="362"><subfield code="a">-v. 10, no. 38 (Sept. 20, 1913).</subfield></datafield><datafield ind1=" " ind2=" " tag="500"><subfield code="a">Editor: F.A. Emunson.</subfield></datafield><datafield ind1=" " ind2=" " tag="530"><subfield code="a">Available on microfilm from The State Historical Society of Wisconsin.</subfield></datafield><datafield ind1=" " ind2=" " tag="752"><subfield code="a">United States</subfield><subfield code="b">Wisconsin</subfield><subfield code="c">Iron</subfield><subfield code="d">Hurley.</subfield></datafield><datafield ind1="0" ind2="0" tag="780"><subfield code="t">Our land (Hurley, Wis.)</subfield><subfield code="w">(DLC)sn 85040651</subfield></datafield><datafield ind1="0" ind2="7" tag="785"><subfield code="t">Montreal River miner (Hurley, Wis. : 1940)</subfield><subfield code="w">(DLC)sn 85040648</subfield></datafield><datafield ind1="0" ind2="7" tag="785"><subfield code="t">Iron County miner</subfield><subfield code="w">(DLC)sn 85040649</subfield></datafield><datafield ind1="1" ind2=" " tag="029"><subfield code="a">AU@</subfield><subfield code="b">000025803471</subfield></datafield></record>